<?xml version="1.0" encoding="UTF-8"?><record xmlns="http://www.loc.gov/MARC21/slim" xmlns:cinclude="http://apache.org/cocoon/include/1.0" xmlns:zs="http://www.loc.gov/zing/srw/">
  <leader>01078cz  a2200229n  4500</leader>
  <controlfield tag="001">n  82137198 </controlfield>
  <controlfield tag="003">DLC</controlfield>
  <controlfield tag="005">20141202073736.0</controlfield>
  <controlfield tag="008">821204n| azannaabn          |a aaa      </controlfield>
  <datafield tag="010" ind1=" " ind2=" ">
    <subfield code="a">n  82137198 </subfield>
  </datafield>
  <datafield tag="035" ind1=" " ind2=" ">
    <subfield code="a">(OCoLC)oca00833383</subfield>
  </datafield>
  <datafield tag="040" ind1=" " ind2=" ">
    <subfield code="a">DLC</subfield>
    <subfield code="b">eng</subfield>
    <subfield code="e">rda</subfield>
    <subfield code="c">DLC</subfield>
    <subfield code="d">OCoLC</subfield>
    <subfield code="d">DLC-OB</subfield>
    <subfield code="d">CSt</subfield>
  </datafield>
  <datafield tag="046" ind1=" " ind2=" ">
    <subfield code="f">1899</subfield>
    <subfield code="g">1973</subfield>
  </datafield>
  <datafield tag="100" ind1="1" ind2=" ">
    <subfield code="a">Carvalho, Flávio de Rezende,</subfield>
    <subfield code="d">1899-1973</subfield>
  </datafield>
  <datafield tag="400" ind1="1" ind2=" ">
    <subfield code="a">Carvalho, Flávio de Resende,</subfield>
    <subfield code="d">1899-1973</subfield>
  </datafield>
  <datafield tag="400" ind1="1" ind2=" ">
    <subfield code="a">De Rezende Carvalho, Flávio,</subfield>
    <subfield code="d">1899-1973</subfield>
  </datafield>
  <datafield tag="400" ind1="1" ind2=" ">
    <subfield code="a">Rezende Carvalho, Flávio de,</subfield>
    <subfield code="d">1899-1973</subfield>
  </datafield>
  <datafield tag="400" ind1="1" ind2=" ">
    <subfield code="a">Carvalho, Flávio de,</subfield>
    <subfield code="d">1899-1973</subfield>
  </datafield>
  <datafield tag="400" ind1="1" ind2=" ">
    <subfield code="a">Resende Carvalho, Flávio de,</subfield>
    <subfield code="d">1899-1973</subfield>
  </datafield>
  <datafield tag="670" ind1=" " ind2=" ">
    <subfield code="a">Freitas, N. Flavio de Carvalho, 1948.</subfield>
  </datafield>
  <datafield tag="670" ind1=" " ind2=" ">
    <subfield code="a">Experiência n.2, 2001:</subfield>
    <subfield code="b">t.p. (Flavio de Carvalho) p. opp. t.p. (Braz. CIP hdg.: Carvalho, Flavio de, 1899-1972) cover p. 4 (Flávio de R. Carvalho)</subfield>
  </datafield>
  <datafield tag="670" ind1=" " ind2=" ">
    <subfield code="a">WWW Itaú Cultural, Enciclopédia Artes Visuais Home page, Feb. 26, 2004</subfield>
    <subfield code="b">main menu (Flávio de Carvalho (1899-1973); Flávio Resende de Carvalho (Amparo da Barra Mansa, RJ, 1899 - Valinhos, SP, 1973))</subfield>
  </datafield>
</record>